@article{ethics,
  title = {{Social Impacts of Computing: Codes of Professional Ethics}},
  author = {Ronald E. Anderson},
  doi = "10.1177/089443939201000402",
  journal = "Social Science Computer Review December",
  year = 1992,
  volume = 10,
  number = 4,
  pages = "453-469"
}

@misc{acm_categories,
  key = "association",
  title = {{How to Classify Works Using ACM's Computing Classification System}},
  note = {\url{http://www.acm.org/class/how_to_use.html}},
},

@inproceedings{Klemmer:2002:WSC:503376.503378,
 author = {Klemmer, Scott R. and Thomsen, Michael and Phelps-Goodman, Ethan and Lee, Robert and Landay, James A.},
 title = {Where do web sites come from?: capturing and interacting with design history},
 booktitle = {Proc. CHI 2002},
 year = {2002},
 pages = {1--8},
 publisher = {ACM Press},
} 


@misc{angular,
  title = {{AngularJS — Superheroic JavaScript MVW Framework}},
  note = {\url{https://angularjs.org/}},
}


@misc{flask,
  title = {{Welcome | Flask (A Python Microframework)}},
  note = {\url{http://flask.pocoo.org/}},
}

@misc{macarthurResearch,
  title = {{MacArthur SES and Health Network | Research}},
  note = {\url{http://www.macses.ucsf.edu/research/psychosocial/stress.php#interview}},
}

@misc{howtomeasureinhumans,
  title = {{How to Measure Stress in Humans}},
  note = {\url{http://www.stresshumain.ca/documents/pdf/Mesures%20physiologiques/CESH_howMesureStress-MB.pdf}},
}

@misc{CSHSquestionnaires,
  title = {{Questionnaires | Centre for Studies on Human Stress (CSHS)}},
  note = {\url{http://www.humanstress.ca/researchers/measure-stress/questionnaires.html}},
}

@article{holmes1967social,
  title={The social readjustment rating scale},
  author={Holmes, Thomas H and Rahe, Richard H},
  journal={Journal of psychosomatic research},
  volume={11},
  number={2},
  pages={213--218},
  year={1967},
  publisher={Elsevier}
}

@article{brantley1988convergence,
  title={Convergence between the Daily Stress Inventory and endocrine measures of stress.},
  author={Brantley, Phillip J and Dietz, Linda S and McKnight, G Tipton and Jones, Glenn N and Tulley, Richard},
  journal={Journal of consulting and clinical psychology},
  volume={56},
  number={4},
  pages={549},
  year={1988},
  publisher={American Psychological Association}
}

@article{maurer1998comparison,
  title={A comparison of Likert scale and traditional measures of self-efficacy.},
  author={Maurer, Todd J and Pierce, Heather R},
  journal={Journal of applied psychology},
  volume={83},
  number={2},
  pages={324},
  year={1998},
  publisher={American Psychological Association}
}

@article{bland1997statistics,
  title={Statistics notes: Cronbach's alpha},
  author={Bland, J Martin and Altman, Douglas G},
  journal={Bmj},
  volume={314},
  number={7080},
  pages={572},
  year={1997},
  publisher={BMJ}
}

@inproceedings{herbrich2006trueskill,
  title={Trueskill™: A Bayesian skill rating system},
  author={Herbrich, Ralf and Minka, Tom and Graepel, Thore},
  booktitle={Advances in Neural Information Processing Systems},
  pages={569--576},
  year={2006}
}


@article{kanner1981comparison,
  title={Comparison of two modes of stress measurement: Daily hassles and uplifts versus major life events},
  author={Kanner, Allen D and Coyne, James C and Schaefer, Catherine and Lazarus, Richard S},
  journal={Journal of behavioral medicine},
  volume={4},
  number={1},
  pages={1--39},
  year={1981},
  publisher={Springer}
}

@article{levy1997relationship,
  title={The relationship between daily life stress and gastrointestinal symptoms in women with irritable bowel syndrome},
  author={Levy, Rona L and Cain, Kevin C and Jarrett, Monica and Heitkemper, Margaret M},
  journal={Journal of behavioral medicine},
  volume={20},
  number={2},
  pages={177--193},
  year={1997},
  publisher={Springer}
}

@article{delongis1988impact,
  title={The impact of daily stress on health and mood: psychological and social resources as mediators.},
  author={DeLongis, Anita and Folkman, Susan and Lazarus, Richard S},
  journal={Journal of personality and social psychology},
  volume={54},
  number={3},
  pages={486},
  year={1988},
  publisher={American Psychological Association}
}

@article{bolger1989effects,
  title={Effects of daily stress on negative mood.},
  author={Bolger, Niall and DeLongis, Anita and Kessler, Ronald C and Schilling, Elizabeth A},
  journal={Journal of personality and social psychology},
  volume={57},
  number={5},
  pages={808},
  year={1989},
  publisher={American Psychological Association}
}